@INPROCEEDINGS{7038937, 
author={B. Dong and R. Gallant and S. Biswas}, 
booktitle={2014 IEEE Healthcare Innovation Conference (HIC)}, 
title={A self-monitoring water bottle for tracking liquid intake}, 
year={2014}, 
volume={}, 
number={}, 
pages={311-314}, 
keywords={Bluetooth;accelerometers;biomedical electronics;biomedical telemetry;learning (artificial intelligence);medical signal detection;patient monitoring;smart phones;wireless sensor networks;Bluetooth based wireless link;acceleration signature detection;accelerometer-equipped bottle;bottle usage movements;data management;drinking event detection;elastic band;electronic band;higher level monitoring;higher level tracking;implementation details;intake volume estimation;liquid intake monitoring;liquid intake tracking;liquid volume;machine learning methods;notebook computer;regular water bottle;self-monitoring water bottle;smartphone;system architecture;Acceleration;Accuracy;Data mining;Event detection;Feature extraction;Monitoring;Volume measurement;Accelerometer;Connected Health;Liquid Intake Monitoring;Smart Bottle;Smart Health}, 
doi={10.1109/HIC.2014.7038937}, 
ISSN={}, 
month={Oct},}

@INPROCEEDINGS{8229307, 
author={Y. Yamada and M. Nishimura and H. Mineno and T. Saito and S. Kawasaki and D. Ikeda and M. Katagiri}, 
booktitle={2017 IEEE 6th Global Conference on Consumer Electronics (GCCE)}, 
title={Deep learning-based water-intake estimation method using second half of swallowing sound}, 
year={2017}, 
volume={}, 
number={}, 
pages={1-2}, 
keywords={audio signal processing;feature extraction;geriatrics;health care;learning (artificial intelligence);patient care;water;caregivers;complicated swallowing sounds;deep learning;elderly people;feature extraction;healthcare management;swallowing sound;water-intake estimation;Estimation error;Feature extraction;Machine learning;Medical services;Microphones;Senior citizens;deep learning;healthcare;swallowing sound;water-intake estimation}, 
doi={10.1109/GCCE.2017.8229307}, 
ISSN={}, 
month={Oct},}

@article{doi:10.1080/02508069608686494,
author = { Peter H.   Gleick },
title = {Basic Water Requirements for Human Activities: Meeting Basic Needs},
journal = {Water International},
volume = {21},
number = {2},
pages = {83-92},
year  = {1996},
publisher = {Routledge},
doi = {10.1080/02508069608686494},
URL = { https://doi.org/10.1080/02508069608686494 },
eprint = { https://doi.org/10.1080/02508069608686494 }
}

@INPROCEEDINGS{7031280, 
author={Y. Kobayashi and H. Mineno}, 
booktitle={2014 IEEE 3rd Global Conference on Consumer Electronics (GCCE)}, 
title={Fluid intake recognition for nursing care support by leveraging swallowing sound}, 
year={2014}, 
volume={}, 
number={}, 
pages={620-621}, 
keywords={geriatrics;health care;microphones;patient care;RSME;amplitude characteristics;elderly health care;fluid intake recognition;frequency characteristics;leveraging swallowing sound;nursing care;sound data;throat microphone;water intake automatic recording method;Frequency estimation;Heating}, 
doi={10.1109/GCCE.2014.7031280}, 
ISSN={2378-8143}, 
month={Oct},}


